<?xml version="1.0" encoding="UTF-8" ?><marc:collection xmlns:marc="http://www.loc.gov/MARC21/slim" xmlns:xsi="http://www.w3.org/2001/XMLSchema-instance" xsi:schemaLocation="http://www.loc.gov/MARC21/slim http://www.loc.gov/standards/marcxml/schema/MARC21slim.xsd">
<marc:record><marc:leader>02873cas a2200469Ii 4500</marc:leader>
<marc:controlfield tag="001">202995748</marc:controlfield>
<marc:controlfield tag="003">SiSiNL</marc:controlfield><marc:controlfield tag="005">20240814164207.0</marc:controlfield><marc:controlfield tag="008">160320c201u9999cc ar         0    0chi d</marc:controlfield><marc:datafield tag="020" ind1=" " ind2=" "><marc:subfield code="a">9787520300865 (2017)</marc:subfield></marc:datafield><marc:datafield tag="020" ind1=" " ind2=" "><marc:subfield code="a">9787516177716 (2016)</marc:subfield></marc:datafield><marc:datafield tag="035" ind1=" " ind2=" "><marc:subfield code="a">(OCoLC)945178847</marc:subfield></marc:datafield><marc:datafield tag="040" ind1=" " ind2=" "><marc:subfield code="a">HUA</marc:subfield><marc:subfield code="b">eng</marc:subfield><marc:subfield code="e">rda</marc:subfield><marc:subfield code="c">HUA</marc:subfield><marc:subfield code="d">OCLCF</marc:subfield><marc:subfield code="d">SINLB</marc:subfield></marc:datafield><marc:datafield tag="082" ind1="0" ind2="4"><marc:subfield code="a">332.67351</marc:subfield><marc:subfield code="2">23</marc:subfield></marc:datafield><marc:datafield tag="245" ind1="0" ind2="0"><marc:subfield code="6">880-01</marc:subfield><marc:subfield code="a">Zhongguo hai wai tou zi guo jia feng xian ping ji bao gao =</marc:subfield><marc:subfield code="b">Country-risk rating of overseas investment from China (CROIC-IWEP).</marc:subfield></marc:datafield><marc:datafield tag="246" ind1="3" ind2="1"><marc:subfield code="a">Country-risk rating of overseas investments from China (CROIC-IWEP)</marc:subfield></marc:datafield><marc:datafield tag="264" ind1=" " ind2="1"><marc:subfield code="6">880-02</marc:subfield><marc:subfield code="a">Beijing :</marc:subfield><marc:subfield code="b">Zhongguo she hui ke xue chu ban she</marc:subfield></marc:datafield><marc:datafield tag="300" ind1=" " ind2=" "><marc:subfield code="a">volumes :</marc:subfield><marc:subfield code="b">illustrations ;</marc:subfield><marc:subfield code="c">26 cm.</marc:subfield></marc:datafield><marc:datafield tag="310" ind1=" " ind2=" "><marc:subfield code="a">Annual</marc:subfield></marc:datafield><marc:datafield tag="336" ind1=" " ind2=" "><marc:subfield code="a">text</marc:subfield><marc:subfield code="b">txt</marc:subfield><marc:subfield code="2">rdacontent</marc:subfield><marc:subfield code="0">http://id.loc.gov/vocabulary/contentTypes/txt</marc:subfield></marc:datafield><marc:datafield tag="337" ind1=" " ind2=" "><marc:subfield code="a">unmediated</marc:subfield><marc:subfield code="b">n</marc:subfield><marc:subfield code="2">rdamedia</marc:subfield><marc:subfield code="0">http://id.loc.gov/vocabulary/mediaTypes/n</marc:subfield></marc:datafield><marc:datafield tag="338" ind1=" " ind2=" "><marc:subfield code="a">volume</marc:subfield><marc:subfield code="b">nc</marc:subfield><marc:subfield code="2">rdacarrier</marc:subfield><marc:subfield code="0">http://id.loc.gov/vocabulary/carriers/nc</marc:subfield></marc:datafield><marc:datafield tag="490" ind1="1" ind2=" "><marc:subfield code="6">880-03</marc:subfield><marc:subfield code="3">2017:</marc:subfield><marc:subfield code="a">Zhong she zhi ku. guo jia zhi ku bao gao. jing ji =</marc:subfield><marc:subfield code="a">National think tank ;</marc:subfield><marc:subfield code="v">2017 (8)</marc:subfield></marc:datafield><marc:datafield tag="588" ind1=" " ind2=" "><marc:subfield code="a">Description based on: 2015; title from title page.</marc:subfield></marc:datafield><marc:datafield tag="588" ind1=" " ind2=" "><marc:subfield code="a">Latest issue consulted: 2017.</marc:subfield></marc:datafield><marc:datafield tag="650" ind1=" " ind2="0"><marc:subfield code="a">Investments, Chinese</marc:subfield><marc:subfield code="v">Periodicals.</marc:subfield></marc:datafield><marc:datafield tag="650" ind1=" " ind2="0"><marc:subfield code="a">Country risk</marc:subfield><marc:subfield code="v">Periodicals.</marc:subfield></marc:datafield><marc:datafield tag="710" ind1="2" ind2=" "><marc:subfield code="6">880-04</marc:subfield><marc:subfield code="a">Zhongguo she hui ke xue yuan.</marc:subfield><marc:subfield code="b">Guo ji tou zi yan jiu shi.</marc:subfield></marc:datafield><marc:datafield tag="710" ind1="2" ind2=" "><marc:subfield code="6">880-05</marc:subfield><marc:subfield code="a">Zhongguo she hui ke xue yuan.</marc:subfield><marc:subfield code="b">Shi jie jing ji yu zheng zhi yan jiu suo,</marc:subfield><marc:subfield code="e">editor.</marc:subfield><marc:subfield code="0">http://id.loc.gov/authorities/names/n83074619</marc:subfield><marc:subfield code="1">http://viaf.org/viaf/141931777</marc:subfield></marc:datafield><marc:datafield tag="830" ind1=" " ind2="0"><marc:subfield code="6">880-06</marc:subfield><marc:subfield code="a">Zhong she zhi ku.</marc:subfield><marc:subfield code="p">Guo jia zhi ku bao gao.</marc:subfield><marc:subfield code="p">Jing ji ;</marc:subfield><marc:subfield code="v">2017 (8).</marc:subfield><marc:subfield code="0">http://id.loc.gov/authorities/names/no2019059174</marc:subfield></marc:datafield><marc:datafield tag="880" ind1="0" ind2="0"><marc:subfield code="6">245-01</marc:subfield><marc:subfield code="a">中国海外投资国家风险评级报告✹ =</marc:subfield><marc:subfield code="b">Country-risk rating of overseas investment from China (CROIC-IWEP).</marc:subfield></marc:datafield><marc:datafield tag="880" ind1=" " ind2="1"><marc:subfield code="6">264-02</marc:subfield><marc:subfield code="a">北京✹ :</marc:subfield><marc:subfield code="b">中国社会科学出版社</marc:subfield></marc:datafield><marc:datafield tag="880" ind1="1" ind2=" "><marc:subfield code="6">490-03</marc:subfield><marc:subfield code="3">2017:</marc:subfield><marc:subfield code="a">中社智库. 国家智库报告. 经济✹ =</marc:subfield><marc:subfield code="a">National think tank ;</marc:subfield><marc:subfield code="v">2017 (8)</marc:subfield></marc:datafield><marc:datafield tag="880" ind1=" " ind2=" "><marc:subfield code="6">500-00</marc:subfield><marc:subfield code="a">刊号2017其丛刊为中社智库. 国家智库报告. 经济✹ =</marc:subfield><marc:subfield code="a">National think tank.</marc:subfield></marc:datafield><marc:datafield tag="880" ind1=" " ind2=" "><marc:subfield code="6">500-00</marc:subfield><marc:subfield code="a">Editor for issue 2017: 中国社会科学院世界经济与政治研究所.</marc:subfield></marc:datafield><marc:datafield tag="880" ind1="2" ind2=" "><marc:subfield code="6">710-04</marc:subfield><marc:subfield code="a">中国社会科学院.</marc:subfield><marc:subfield code="b">国际投资研究室.</marc:subfield></marc:datafield><marc:datafield tag="880" ind1="2" ind2=" "><marc:subfield code="6">710-05</marc:subfield><marc:subfield code="a">中国社会科学院.</marc:subfield><marc:subfield code="b">世界经济与政治研究所,</marc:subfield><marc:subfield code="e">editor.</marc:subfield><marc:subfield code="0">http://id.loc.gov/authorities/names/n83074619</marc:subfield></marc:datafield><marc:datafield tag="880" ind1=" " ind2="0"><marc:subfield code="6">830-06</marc:subfield><marc:subfield code="a">中社智库.</marc:subfield><marc:subfield code="p">国家智库报告.</marc:subfield><marc:subfield code="p">经济✹ ;</marc:subfield><marc:subfield code="v">2017 (8).</marc:subfield><marc:subfield code="0">http://id.loc.gov/authorities/names/no2019059174</marc:subfield></marc:datafield><marc:datafield tag="880" ind1=" " ind2=" "><marc:subfield code="6">596-00</marc:subfield><marc:subfield code="a">中国国家图书馆赠新加坡国家图书馆管理局[B32553630E].</marc:subfield></marc:datafield><marc:datafield tag="984" ind1=" " ind2=" "><marc:subfield code="a">NLB</marc:subfield><marc:subfield code="c">332.67351 CROIC</marc:subfield><marc:subfield code="d">2017-</marc:subfield></marc:datafield><marc:datafield tag="595" ind1=" " ind2=" "><marc:subfield code="a">UZC6422</marc:subfield></marc:datafield><marc:datafield tag="596" ind1=" " ind2=" "><marc:subfield code="a">Donated by National Library of China [B32553630E].</marc:subfield></marc:datafield></marc:record>
</marc:collection>
